@article{Tizen,
    author    = "Zaneta",
    title     = "box2d-physics-engine-2d-games",
    journal   = "Tizen",
    year      = "2012",
    DOI       = " https://developer.tizen.org/documentation/articles/box2d-physics-engine-2d-games"
}
 
@book{Box2DforFlashGames,
    author    = "Emanuele Feronato",
    title     = "Box2D for Flash Games",
    year      = "2012",
    publisher = "PACKT",
    
}
 
@misc{Box2Dlinks,    
    title     = "Box2D resources",
    url       = "http://www.box2d.org/forum/"

}

@misc{Sharelatexlinks,    
    title     = "latex resources",
    url       = "https://www.sharelatex.com/learn/"

}
@misc{csslinks,
    title     = "css resources",
    url       = "http://www.free-css.com/"

}
@misc{Bessierlinks,
    
    title     = "Bessier resources",
    url       = "http://www.deluge.co/?q=benzier-curves"
}

